<record><leader>00000cas a22000007a 4500</leader><controlfield tag="001">19501304</controlfield><controlfield tag="008">890406d19151917nduwr ne      0    0ger d</controlfield><datafield ind1=" " ind2=" " tag="010"><subfield code="a">sn 89074990 </subfield></datafield><datafield ind1=" " ind2=" " tag="040"><subfield code="a">NOP</subfield><subfield code="b">eng</subfield><subfield code="c">NOP</subfield><subfield code="d">OCLCQ</subfield><subfield code="d">OCLCF</subfield><subfield code="d">OCLCO</subfield></datafield><datafield ind1=" " ind2=" " tag="042"><subfield code="a">msc</subfield></datafield><datafield ind1=" " ind2=" " tag="043"><subfield code="a">n-us-nd</subfield></datafield><datafield ind1="0" ind2=" " tag="130"><subfield code="a">Deutsche Rundschau (Harvey, N.D.)</subfield></datafield><datafield ind1="1" ind2="4" tag="245"><subfield code="a">Die deutsche Rundschau.</subfield></datafield><datafield ind1=" " ind2=" " tag="260"><subfield code="a">Harvey, Wells County, Nord-Dakota :</subfield><subfield code="b">[s.n.]</subfield></datafield><datafield ind1=" " ind2=" " tag="300"><subfield code="a">2 v. :</subfield><subfield code="b">ill. ;</subfield><subfield code="c">54 cm.</subfield></datafield><datafield ind1=" " ind2=" " tag="310"><subfield code="a">Weekly</subfield></datafield><datafield ind1="0" ind2=" " tag="362"><subfield code="a">1. Jahrg., nr. 17 (25. Juni, 1915)-Jahrg. 2, nr. 48 (23. Feb. 1917).</subfield></datafield><datafield ind1=" " ind2=" " tag="530"><subfield code="a">Available on microfilm from the State Historical Society of North Dakota.</subfield></datafield><datafield ind1=" " ind2=" " tag="546"><subfield code="a">In German.</subfield></datafield><datafield ind1=" " ind2=" " tag="580"><subfield code="a">Published as a section of The Harvey journal and die deutsche Rundschau, unnumbered until June 25, 1915.</subfield></datafield><datafield ind1=" " ind2="0" tag="650"><subfield code="a">Germans</subfield><subfield code="z">North Dakota</subfield><subfield code="z">Harvey</subfield><subfield code="v">Newspapers.</subfield></datafield><datafield ind1=" " ind2="7" tag="655"><subfield code="a">Newspapers.</subfield><subfield code="2">fast</subfield><subfield code="0">(OCoLC)fst01423814</subfield></datafield><datafield ind1=" " ind2="7" tag="650"><subfield code="a">Germans.</subfield><subfield code="2">fast</subfield><subfield code="0">(OCoLC)fst00942100</subfield></datafield><datafield ind1=" " ind2="7" tag="651"><subfield code="a">North Dakota</subfield><subfield code="z">Harvey.</subfield><subfield code="2">fast</subfield><subfield code="0">(OCoLC)fst01221796</subfield></datafield><datafield ind1=" " ind2=" " tag="752"><subfield code="a">United States</subfield><subfield code="b">North Dakota</subfield><subfield code="c">Wells</subfield><subfield code="d">Harvey.</subfield></datafield><datafield ind1="0" ind2=" " tag="777"><subfield code="t">Harvey journal and die deutsche Rundschau</subfield><subfield code="w">(DLC)sn 89074074</subfield></datafield></record>